@Manual{devel-api,
  title = "Simulation Developer's API Reference",
  author = "Dhananjai M. Rao and Dale E. Martin and Radharamanan Radhakrishnan and Malolan Chetlur and Philip A. Wilsey",
  organization = "University of Cincinnati",
  address = "Computer Architecture Design Lab, P.O. Box 210030, University of Cincinnati, OH 45221-0030",
  year = 1999,
  note = "(in preparation)"
}



@Book{fowler-97,
  author = "Martin Fowler and Kendall Scott",
  title = "{UML} {D}istilled-Applying the Standard Object Modeling Language",
  publisher = "Addison-Wesley Longman Inc.",
  year = 1997
}

